<record><leader>00000cas a22000007a 4500</leader><controlfield tag="001">19357471</controlfield><controlfield tag="008">890314d18891902nduwr ne      0    0eng d</controlfield><datafield ind1=" " ind2=" " tag="010"><subfield code="a">sn 88076334 </subfield></datafield><datafield ind1=" " ind2=" " tag="040"><subfield code="a">NOP</subfield><subfield code="b">eng</subfield><subfield code="c">NOP</subfield><subfield code="d">OCLCQ</subfield></datafield><datafield ind1=" " ind2=" " tag="042"><subfield code="a">msc</subfield></datafield><datafield ind1="0" ind2=" " tag="130"><subfield code="a">Foster County independent (Carrington, N.D. : 1889)</subfield></datafield><datafield ind1="1" ind2="0" tag="245"><subfield code="a">Foster County independent.</subfield></datafield><datafield ind1=" " ind2=" " tag="260"><subfield code="a">Carrington, Foster County, N.D. :</subfield><subfield code="b">H.A. Hogue</subfield></datafield><datafield ind1=" " ind2=" " tag="300"><subfield code="a">v. :</subfield><subfield code="b">ill.</subfield></datafield><datafield ind1=" " ind2=" " tag="310"><subfield code="a">Weekly</subfield></datafield><datafield ind1="1" ind2=" " tag="362"><subfield code="a">Began in 1889.</subfield></datafield><datafield ind1="0" ind2=" " tag="362"><subfield code="a">-v. 13, no. 40 (May 29, 1902).</subfield></datafield><datafield ind1=" " ind2=" " tag="500"><subfield code="a">"Official paper of Foster County."</subfield></datafield><datafield ind1=" " ind2=" " tag="530"><subfield code="a">Available on microfilm from the State Historical Society of North Dakota.</subfield></datafield><datafield ind1=" " ind2=" " tag="588"><subfield code="a">Description based on: Vol. 5, no. 20 (Jan. 18, 1894).</subfield></datafield><datafield ind1=" " ind2=" " tag="752"><subfield code="a">United States</subfield><subfield code="b">North Dakota</subfield><subfield code="c">Foster</subfield><subfield code="d">Carrington.</subfield></datafield><datafield ind1="0" ind2="0" tag="785"><subfield code="t">Carrington weekly independent</subfield><subfield code="w">(DLC)sn 88076335</subfield></datafield><datafield ind1="1" ind2=" " tag="029"><subfield code="a">AU@</subfield><subfield code="b">000025837520</subfield></datafield></record>